@misc{hyperthreading-intel,
  title   = {What is hyper-threading?},
  url     = {https://www.intel.com/content/www/us/en/gaming/resources/hyper-threading.html#:~:text=Intel%C2%AE%20Hyper%2DThreading%20Technology%20is%20a%20hardware%20innovation%20that,execution%20contexts%20per%20physical%20core.},
  journal = {Intel}
} 
@book{Bovet_Cesati_2001,
  place     = {Beijing},
  title     = {Understanding the linux kernel},
  publisher = {Oâ€™Reilly},
  author    = {Bovet, Daniel Pierre and Cesati, Marco},
  year      = {2001}
} 