% What is agi


% Symbolic Grounding of LLMs
@article{pavlick2023symbols,
  title     = {Symbols and grounding in large language models},
  author    = {Pavlick, Ellie},
  journal   = {Philosophical Transactions of the Royal Society A},
  volume    = {381},
  number    = {2251},
  pages     = {20220041},
  year      = {2023},
  publisher = {The Royal Society},
  url       = {https://doi.org/10.1098/rsta.2022.0041}
}