@article{montague1999reinforcement,
  title     = {Reinforcement learning: an introduction, by Sutton, RS and Barto, AG},
  author    = {Montague, P Read},
  journal   = {Trends in cognitive sciences},
  volume    = {3},
  number    = {9},
  pages     = {360},
  year      = {1999},
  publisher = {Elsevier}
}